
@article{majdak2015aes69,
  title={AES69-2015: AES standard for file exchange-Spatial acoustic data file format},
  author={Majdak, Piotr and Noisternig, Markus},
  journal={Audio Engineering Society.(March 2015)},
  year={2015}
}

@inproceedings{baque2016separation,
  title={Separation of direct sounds from early reflections using the entropy rate bound minimization algorithm},
  author={Baqu{\'e}, Mathieu and Gu{\'e}rin, Alexandre and Melon, Manuel},
  booktitle={Audio Engineering Society Conference: 60th International Conference: DREAMS (Dereverberation and Reverberation of Audio, Music, and Speech)},
  year={2016},
  organization={Audio Engineering Society}
}


@misc{coleman2015s3a,
  title={S3A room impulse responses},
  author={Coleman, P and Remaggi, L and Jackson, PJB},
  year={2015},
  publisher={University of Surrey},
  doi={10.15126/surreydata.00808465}
}

@inproceedings{coleman2017object,
  title={Object-based reverberation encoding from first-order Ambisonic RIRs},
  author={Coleman, Philip and Franck, Andreas and Menzies, Dylan and Jackson, Philip JB},
  booktitle={Audio Engineering Society Convention 142},
  year={2017},
  organization={Audio Engineering Society}
}

@inproceedings{embrechts2015measurement,
  title={Measurement of 3D room impulse responses with a spherical microphone array},
  author={Embrechts, Jean-Jacques},
  booktitle={Proceedings of the Euronoise 2015 Congress},
  pages={143--148},
  year={2015}
}

@inproceedings{embrechts2005computation,
  title={Computation of Directional Impulse Responses in rooms for Bettter Auralization},
  author={Embrechts, Jean-Jacques and Lesoinne, Stephane and Werner, Nicolas},
  booktitle={Audio Engineering Society Convention 118},
  year={2005},
  organization={Audio Engineering Society}
}

@article{gerzon1975recording,
  title={Recording concert hall acoustics for posterity},
  author={Gerzon, Michael A},
  journal={Journal of the Audio Engineering Society},
  volume={23},
  number={7},
  pages={569--571},
  year={1975},
  publisher={Audio Engineering Society}
}

@inproceedings{murphy2005multi,
  title={Multi-channel impulse response measurement, analysis and rendering in archaeological acoustics},
  author={Murphy, Damian T},
  booktitle={Audio Engineering Society Convention 119},
  year={2005},
  organization={Audio Engineering Society}
}

@misc{openair,
    title={The Open Acoustic Impulse Response Library \url{www.openairlib.net}},
    year={Accessed on Marcg 8th, 2018},
    url={www.openairlib.net}
}

@misc{generalfire,
    title={ GeneralFIRE \url{https://www.sofaconventions.org/mediawiki/index.php/GeneralFIRE}},
    author={SOFA},
    year={Accessed on February 13th, 2018},
    url={https://www.sofaconventions.org/mediawiki/index.php/GeneralFIRE}
}

@misc{sofacpp,
    title={Github, SOFA Cpp API \url{https://github.com/andresperezlopez/API_Cpp}},
    author={Andrés Pérez-López},
    year={Accessed on February 13th, 2018},
    url={https://github.com/andresperezlopez/API_Cpp},
}

@misc{sofamo,
    title={Github, SOFA Matlab/Octave API \url{https://github.com/jdemuynke/API_MO}},
    author={Julien De Muynke},
    year={Accessed on February 13th, 2018},
    url={https://github.com/jdemuynke/API_MO}
}

@misc{guildhall,
    title={Guildhall drawings \url{https://www.york.gov.uk/downloads/file/11337/guildhall_drawings}},
    author={City of York Council},
    year={Accessed on February 13th, 2018},
    url={https://www.york.gov.uk/downloads/file/11337/guildhall_drawings}
}
@article{romblom2017diffuse,
  title={Diffuse Field Modeling using Physically-Inspired Decorrelation Filters: Improvements to the Filter Design Method},
  author={Romblom, David},
  journal={Journal of the Audio Engineering Society},
  volume={65},
  number={11},
  pages={943--953},
  year={2017},
  publisher={Audio Engineering Society}
}

@inproceedings{murphy2010openair,
  title={Openair: An interactive auralization web resource and database},
  author={Murphy, Damian T and Shelley, Simon},
  booktitle={Audio Engineering Society Convention 129},
  year={2010},
  organization={Audio Engineering Society}
}


@inproceedings{clapp2011investigations,
  title={Investigations of room acoustics with a spherical microphone array},
  author={Clapp, Samuel W and Guthrie, Anne E and Braasch, Jonas and Xiang, Ning},
  booktitle={Audio Engineering Society Convention 131},
  year={2011},
  organization={Audio Engineering Society}
}



@article{stan2002comparison,
  title={Comparison of different impulse response measurement techniques},
  author={Stan, Guy-Bart and Embrechts, Jean-Jacques and Archambeau, Dominique},
  journal={Journal of the Audio Engineering Society},
  volume={50},
  number={4},
  pages={249--262},
  year={2002},
  publisher={Audio Engineering Society}
}

@article{gerzon1973periphony,
  title={Periphony: With-height sound reproduction},
  author={Gerzon, Michael A},
  journal={Journal of the Audio Engineering Society},
  volume={21},
  number={1},
  pages={2--10},
  year={1973},
  publisher={Audio Engineering Society}
}

@article{Bertet2006,
author = {Bertet, S and Daniel, J and Moreau, S},
isbn = {9781604235975},
journal = {Audio Engineering Society Convention 120},
pages = {1--24},
title = {3D Sound Field Recording With Higher Order Ambisonics - Objective Measurements and Validation of a 4th Order Spherical Microphone},
year = {2006}
}


@inproceedings{nachbar2011ambix,
  title={Ambix-a suggested ambisonics format},
  author={Nachbar, Christian and Zotter, Franz and Deleflie, Etienne and Sontacchi, Alois},
  booktitle={Ambisonics Symposium, Lexington},
  year={2011}
}

@misc{soundfield,
    title={Soundfield Product Listing \url{http://www.soundfield.com/products}},
    author={Soundfield},
    year={Accessed on March 8th, 2018},
    url={http://www.soundfield.com/products}
}


@misc{ambeo,
    title={AMBEO Plugins \url{https://en-us.sennheiser.com/ambeo-blueprints-downloads}},
    author={Sennheiser},
    year={Accessed on March 8th, 2018},
    url={https://en-us.sennheiser.com/ambeo-blueprints-downloads}
}

@misc{zylia,
    title={ZYLIA Ambisonics Converter \url{http://www.zylia.co/zylia-ambisonics-converter.html}},
    author={Zylia},
    year={Accessed on March 8th, 2018},
    url={http://www.zylia.co/zylia-ambisonics-converter.html}
}

@misc{tetra,
    title={VVTetraVST \url{https://www.vvaudio.com/products/VVTetraVST}},
    author={VVAudio.com},
    year={Accessed on March 8th, 2018},
    url={https://www.vvaudio.com/products/VVTetraVST}
}

@misc{em32,
    title={EigenStudio \url{https://mhacoustics.com/download}},
    author={MH Acoustics},
    year={Accessed on March 8th, 2018},
    url={https://mhacoustics.com/download}
}

@misc{ambisonicsdrirexamples,
    title={Github, AmbisonicsDRIRexamples. \url{https://github.com/andresperezlopez/AmbisonicsDRIRexamples}},
    author={Andrés Pérez-López},
    year={Accessed on March 12th, 2018},
    url={https://github.com/andresperezlopez/AmbisonicsDRIRexamples}
}

@misc{sofaconventions,
    title={SOFA Conventions.  \url{https://www.sofaconventions.org/mediawiki/index.php/SOFA_conventions}},
    author={SOFA},
    year={Accessed on March 12th, 2018},
}

