@inproceedings{su2020acoustic,
  title={Acoustic Matching By Embedding Impulse Responses},
  author={Su, Jiaqi and Jin, Zeyu and Finkelstein, Adam},
  booktitle={ICASSP 2020-2020 IEEE International Conference on Acoustics, Speech and Signal Processing (ICASSP)},
  pages={426--430},
  year={2020},
  organization={IEEE}
}

@inproceedings{alary2019assessing,
  title={Assessing the anisotropic features of spatial impulse responses},
  author={Alary, Benoit and Mass{\'e}, Pierre and V{\"a}lim{\"a}ki, Vesa and Noisternig, Markus},
  booktitle = {EAA Spatial Audio Signal Processing Symposium},
  year={2019}
}




@article{stefanakis2019analysis,
  title={Analysis of spherical isotropic noise fields with an A-Format tetrahedral microphone},
  author={P\'erez-L\'opez, Andres and Stefanakis, Nikolaos},
  journal={The Journal of the Acoustical Society of America. 2019; 146: EL329.},
  year={2019},
  publisher={Acoustical Society of America}
}

@inproceedings{rt,
  title={Blind reverberation time estimation from ambisonic recordings},
  author={P\'erez-L\'opez, Andres and Politis, Archontis, and G\'omez, Emilia},
  booktitle={IEEE 22nd International Workshop on Multimedia Signal Processing, 2020 (submitted).},
  year={2020},
  organization={IEEE}
}


@inproceedings{papafil,
title = {PAPAFIL: a low complexity sound event localization and detection method with parametric particle filtering and gradient boosting},
author = {P\'erez-L\'opez, Andres and Ibanez-Usach, Rafael},
 booktitle={Detection and Classification of Acoustic Scenes and Events 2020 Workshop (DCASE2020) (submitted)},
  year={2020},
}

@inproceedings{roncinhi,
title = {Sound event localization and detection based on CRNN using dense rectangular filters and channel rotation data augmentation},
author = {Ronchini, Francesca and Arteaga, Daniel and P\'erez-L\'opez, Andres},
 booktitle={Detection and Classification of Acoustic Scenes and Events 2020 Workshop (DCASE2020) (submitted)},
  year={2020},
}

@inproceedings{pysofaconventions,
title={pysofaconventions, a Python API for SOFA},
author = {P\'erez-L\'opez, Andres},
booktitle={Proceedings of the 148th Audio Engineering Society Convention},
 organization={Audio Engineering Society},
year={2020}
}