@article{Gunel2008,

  author = {Gunel, B. and Hachabiboglu, H. and Kondoz, A. M.},
  title = 	 {Acoustic source separation of convolutive mixtures based on intensity vector statistics},
  journal = 	 {IEEE Transactions on Audio, Speech, and Language Processing},
  year = 	 {2008},
  volume = 	 {16},
  number =   {4},
  pages = 	 {748--756},
  month = 	 {May}
}


@phdthesis{Riaz2015,
  title={Adaptive blind source separation based on intensity vector statistics},
  author={Riaz, A.},
  year={2015},
  school={University of Surrey},
  month = {Dec}
}


@InProceedings{Shujau2011,
  author = 	 {Shujau, M. and Ritz, C. H. and Burnett, I. S.},
  title =        {Separation of speech sources using an acoustic vector sensor},
  booktitle =    {13th International Workshop on Multimedia Signal Processing},
  organization = {IEEE},
  year = 	 {2011},
}

@article{Chen2015,
    author = {Chen, X. and Wang, W. and Wang, Y. and Zhong, X. and Alinaghi, A.},
    title = {Reverberant speech separation with probabilistic time-frequency masking for B-format recordings},
    journal = {Speech Communication},
    year = 	{2015},
    volume = {68},
    pages = 	 {41--54},
    month = 	 {Apr}
}


@inproceedings{thiergart_localization_2009,
  title={Localization of sound sources in reverberant environments based on directional audio coding parameters},
  author={Thiergart, Oliver and Schultz-Amling, Richard and Del Galdo, Giovanni and Mahne, Dirk and Kuech, Fabian},
  booktitle={Audio Engineering Society Convention 127},
  year={2009},
  organization={Audio Engineering Society}
}


@InProceedings{Tervo2009,

    author = 	{Tervo, S.},
    title =     {Direction estimation based on sound intensity vectors},
    booktitle= {17th European Signal Processing Conference},
    organization = {IEEE},
    year = 	    {2009},
    pages =     {700--704}
}

@inproceedings{Jarrett2010,
    author = {Jarrett, D. P. and Habets, E. A. P. and Naylor, P. A.},
    title = {3D Source Localization in the Spherical Harmonic Domain Using a Pseudointensity Vector},
    booktitle={18th European Signal Processing Conference},
    organization = {IEEE},
    year = {2010},
    pages = {442--446}
    
   
    
}

@article{Nadiri2014,

    author = 	 {Nadiri, O. and Rafaely, B.},
    title = 	 {Localization of multiple speakers under high reverberation using a spherical microphone array and the direct-path dominance test},
    journal = 	 {IEEE/ACM Transactions on Audio, Speech, and Language Processing},
    year = 	    {2014},
    volume = 	 {22},
    number=     {10}, 
    pages = 	 {1494--1505},
    month = 	 {Oct}
}

@article{Evers2014,
abstract = {Spherical arrays facilitate processing and analysis of sound fields with the potential for high resolution in three dimen- sions in the spherical harmonic domain. Using the captured sound field, robust source localisation systems are required for speech acquisition, speaker tracking and environment mapping. Source localisation becomes a challenging prob- lem in reverberant environments and under noisy conditions, leading to potentially poor performance in cocktail party scenarios. This paper evaluates the performance of a low- complexity localisation approach using spherical harmonics in reverberant environments for multiple speakers. Eigen- beams are used to estimate pseudo-intensity vectors pointing in the direction of sound intensity. This paper proposes a clustering approach in which the intensity vectors of active sound sources and strong reflections are extracted, yielding an estimate of the source direction in azimuth and inclination as an approach to source localisation.},
author = {Evers, C. and Moore, A.H. H and Naylor, P.A.},
file = {:Users/andres.perez/Documents/papers/spatial audio/MULTIPLE SOURCE LOCALISATION IN THE SPHERICAL HARMONIC DOMAIN.pdf:pdf},
isbn = {9781479968084},
journal = {14th International Workshop on Acoustic Signal Enhancement (IWAENC) MULTIPLE},
number = {September},
pages = {8--11},
title = {{Multiple Source Localization in the Spherical Harmonic Domain}},
year = {2014}
}



@InProceedings{Moore2015,
    author = 	{Moore, A. H. and Evers, C. and Naylor, P. A. and Alon, D. L. and Rafaely, B.},
    title =     {Direction of arrival estimation using pseudo-intensity vectors with direct-path dominance test},
    booktitle= {23th European Signal Processing Conference},
    organization = {IEEE},
    year = 	    {2015},
    pages =     {2296--2300}
}


@InProceedings{Pavlidi2015,
    author =    {Pavlidi, D. and Delikaris-Manias, S. and Pulkki, V. and Mouchtaris, A.},
    title =     {3D Localization of Multiple Sound Sources With Intensity Vector Estimates in Single Source Zones},
    booktitle= {23th European Signal Processing Conference},
    organization = {IEEE},
    year = 	    {2015},
    pages =     {1556--1560}
}

@Article{He2017,
  author = 	 {He, S. and Chen, H.},
  title = 	 {Closed-Form DOA Estimation Using First-Order Differential Microphone Arrays via Joint Temporal-Spectral-Spatial Processing},
  journal = 	 {IEEE Sensors Journal},
  year = 	 {2017},
  volume = 	 {17},
  number =  {4},
  pages = 	 {1046--1060},
  month = 	 Feb
}


@article{Ding2017,
author = {Ding, S. and Chen, H.},
doi = {10.1016/j.apacoust.2017.07.002},
file = {:Users/andres.perez/Documents/papers/source separation/DOA estimation of multiple speech sources by selecting reliable local sound intensity estimates.pdf:pdf},
issn = {0003682X},
journal = {Applied Acoustics},
pages = {336--345},
publisher = {Elsevier Ltd},
title = {{DOA estimation of multiple speech sources by selecting reliable local sound intensity estimates}},
volume = {127},
year = {2017}
}

@article{Pulkki07,
    author =    {Pulkki, V.},
    title =     {Spatial sound reproduction with directional audio coding},
    journal =   {Journal of the Audio Engineering Society},
    year =      {2007},
    volume =    {55},
    number=     {6},
    pages = 	{503--516},
    month = 	{Jun}
}


@book{timit,
    author    = {Garofolo, J. S. and Lamel, L. F. and Fisher, W. M. and Fiscus, J. G. and Pallett, D. S.},
    title     = {TIMIT acoustic-phonetic continous speech corpus LDC93S1},
    year      = {1993},
    publisher = {Philadelphia: Linguistic Data Consortium},
}

@article{,
  title={. NIST speech disc 1-1.1},
  author={},
  journal={NASA STI/Recon technical report n},
  volume={93},
  year={1993}
}

@article{rir,
  title={Room impulse response generator},
  author={Habets, E.A.P.},
  journal={Technische Universiteit Eindhoven, Tech. Rep},
  volume={2},
  number={2.4},
  pages={1},
  year={2006}
}

@article{smir,
    author = {Jarrett, D. P. and Habets, E. A. P. and Thomas, M. R. P. and Naylor, P. A.},
    title = 	 {Rigid sphere room impulse response simulation: Algorithm and applications},
    journal={The Journal of the Acoustical Society of America},
    year={2012},
    volume={132},
    number={3},
    pages={1462--1472},
    month = 	 {Sep}
}

@article{imagemethod,
  title={Image method for efficiently simulating small-room acoustics},
  author={Allen, J.B. and Berkley, D.A.},
  journal={The Journal of the Acoustical Society of America},
  volume={65},
  number={4},
  pages={943--950},
  year={1979},
  publisher={ASA}
}


@article{gerzon1975recording,
  title={Recording concert hall acoustics for posterity},
  author={Gerzon, M. A.},
  journal={Journal of the Audio Engineering Society},
  volume={23},
  number={7},
  pages={569--571},
  year={1975},
  month = {Sep},
    publisher={AES}
}




@inproceedings{murphy2010openair,
  title={Openair: An interactive auralization web resource and database},
  author={Murphy, D. T. and Shelley, S.},
  booktitle={129th Audio Engineering Convention},
  year={2010},
  organization={AES}
}


@inproceedings{Salamon2017,
  title={Scaper: A library for soundscape synthesis and augmentation},
  author={Salamon, J. and MacConnell, D. and Cartwright, M. and Li, P and Bello, J. P.},
  booktitle={Workshop on Applications of Signal Processing to Audio and Acoustics (WASPAA)},
  pages={344--348},
  year={2017},
  organization={IEEE}
}


@inproceedings{humphrey2014jams,
  author={Humphrey, E. J. and Salamon, J. and Nieto, O. and Forsyth, J. and Bittner, R. M. and Bello, J. P.},
  title={JAMS: A JSON Annotated Music Specification for Reproducible MIR Research},
  booktitle={15th International Society for Music Information Retrieval Conference},
  organization = {ISMIR},
    year={2014},
  pages={591--596},

}

@InProceedings{carpentier2017ambisonic,
  author = 	 {Carpentier, T.},
  title =        {Ambisonic spatial blur},
  booktitle =    {142nd Audio Engineering Societiy Convention},
  organization = {AES},
  year = 	 {2017},
}


@InProceedings{bates2016comparing,
	    author = {Bates, E. and Gorzel, M. and Ferguson, L. and O'Dwyer, H. and Boland, F. M.},
		title = {Comparing Ambisonic Microphones, Part 1},
		booktitle = {International Conference on Sound Field Control},
		organization = {AES},
		year = {2016},
}

@article{gerzon1973periphony,
  title={Periphony: With-height sound reproduction},
  author={Gerzon, M.A.},
  journal={Journal of the Audio Engineering Society},
  volume={21},
  number={1},
  pages={2--10},
  year={1973},
  publisher={Audio Engineering Society}
}

@article{Bertet2006,
author = {Bertet, S. and Daniel, J. and Moreau, S.},
file = {:Users/andres.perez/Documents/papers/spatial audio/3D Sound Field Recording with Higher Order Ambisonics â€“ Objective Measurements and Validation of a 4th Order Spherical Microphone.pdf:pdf},
isbn = {9781604235975},
journal = {120th AES Convention},
pages = {1--24},
title = {{3D Sound Field Recording With Higher Order Ambisonics - Objective Measurements and Validation of a 4th Order Spherical Microphone}},
year = {2006}
}

@article{Carpentier2017,
author = {Carpentier, T.},
file = {:Users/andres.perez/Documents/papers/spatial audio/Normalization schemes in Ambisonic.pdf:pdf},
journal = {142nd AES Convention},
title = {{Normalization schemes in Ambisonic: does it matter?}},
year = {2017}
}

@inproceedings{nachbar2011ambix,
  title={Ambix-a suggested ambisonics format},
  author={Nachbar, C. and Zotter, F. and Deleflie, E. and Sontacchi, A.},
  booktitle={Ambisonics Symposium, Lexington},
  year={2011}
}

@article{stan2002comparison,
  title={Comparison of different impulse response measurement techniques},
  author={Stan, G.t and Embrechts, J. and Archambeau, D.},
  journal={Journal of the Audio Engineering Society},
  volume={50},
  number={4},
  pages={249--262},
  year={2002},
  publisher={Audio Engineering Society}
}

@manual{farina2001anechoic,
  title={Anechoic measurement of the polar plots of a Soundfield MKV B-format microphone [Technical Report]},
  author={Farina, A.},
  year={2001},
}

@misc{ambiscaperDataset,
  author={P\'erez-L\'opez, Andr\'es},
    year = {2018},
    title = {AmbiScaper example dataset [Dataset]},
    note = {Accessed on July 26th, 2020)},
    howpublished={\url{https://zenodo.org/record/1186907}}
}


@inproceedings{perez2018ambisonics,
  title={Ambisonics Directional Room Impulse Response as a New Convention of the Spatially Oriented Format for Acoustics},
  author={P\'erez-L\'opez, Andr\'es},
  booktitle={144th Audio Engineering Society Convention},
  year={2018},
  organization={AES}
}


@misc{PYPL,
    title={PYPL PopularitY of Programming Language},
    Year={2020},
    note={Accessed on June 26th, 2020},
    author={PYPL}
    howpublished={\url{http://pypl.github.io/PYPL.html}}
}

@misc{TIOBE,
    title={TIOBE Index for June 2020},
    Year={2020},
    note={Accessed on June 26th, 2020},
    author={TIOBE},
    howpublished={\url{http://www.tiobe.com}}
}

@misc{theoverflow,
    title={The Overflow: The Incredible Growth of Python},
    Year={2017},
    note={Accessed on June 26th, 2020},
    author={David Robinson},
    howpublished={\url{https://stackoverflow.blog/2017/09/06/incredible-growth-python/}},
}

@misc{githubblog,
    title={The State of the Octoverse: machine learning},
    Year={2019},
    note={Accessed on June 26th, 2020},
    author={Thomas Elliott},
    howpublished={\url{https://github.blog/2019-01-24-the-state-of-the-octoverse-machine-learning/}},
}

@misc{github_politis,
    title={GitHub repository},
    Year={2020},
    note={Accessed on June 26th, 2020},
    author={Archontis Politis},
    howpublished={\url{https://github.com/polarch}},
}

@phdthesis{politis2016microphone,
  author       = {Archontis Politis}, 
  title        = {Microphone array processing for parametric spatial audio techniques},
  school       = {Aalto University},
  year         = 2016,
}

@inproceedings{scheibler2018pyroomacoustics,
  title={Pyroomacoustics: A python package for audio room simulation and array processing algorithms},
  author={Scheibler, Robin and Bezzam, Eric and Dokmani{\'c}, Ivan},
  booktitle={2018 IEEE International Conference on Acoustics, Speech and Signal Processing (ICASSP)},
  pages={351--355},
  year={2018},
  organization={IEEE}
}

@misc{openair,
    title={The Open Acoustic Impulse Response Library},
    author={OpenAIRlib},
    Year={2010},
    note={Accessed on June 26th, 2020},
    howpublished={\url{www.openairlib.net}},
}


@article{postma2016virtual,
  title={Virtual reality performance auralization in a calibrated model of Notre-Dame Cathedral},
  author={Postma, Barteld NJ and Poirier-Quinot, David and Meyer, Julie and Katz, Brian FG},
  journal={Euroregio},
  volume={6},
  pages={1--10},
  year={2016}
}

@misc{ambisonicsdrir,
    title={AmbisonicsDRIR},
    author={P\'erez-L\'opez, Andr\'es and de Muynke, Julien},
    Year={2018},
    note={Accessed on June 26th, 2020},
    howpublished={\url{https://github.com/andresperezlopez/AmbisonicsDRIR}}
}


@misc{api_cpp,
    title={API\_Cpp},
    author={Carpentier, Thibaut},
    Year={2018},
    note={Accessed on June 26th, 2020},
    howpublished={\url{https://github.com/sofacoustics/API_Cpp}}
}

@article{helmholz2019real,
  title={Real\-time implementation of binaural rendering of high\-order spherical microphone array signals},
  author={Helmholz, Hannes and Andersson, Carl and Ahrens, Jens},
  journal={Fortschritte der Akustik\-DAGA 2019},
  year={2019}
}

@article{evers2020locata,
  title={The LOCATA challenge: Acoustic source localization and tracking},
  author={Evers, Christine and Loellmann, Heinrich and Mellmann, Heinrich and Schmidt, Alexander and Barfuss, Hendrik and Naylor, Patrick A and Kellermann, Walter},
  journal={IEEE/ACM Transactions on Audio, Speech, and Language Processing},
  year={2020},
  publisher={IEEE}
}

@inproceedings{adavanne2019multi,
  title={AAMulti-room Reverberant Dataset for Sound Event Localization and Detection},
  author={Adavanne, Sharath and Politis, Archontis and Virtanen, Tuomas},
  booktitle={Acoustic Scenes and Events 2019 Workshop (DCASE2019)},
  pages={10},
  year={2019}
}


@inproceedings{perez2018ambiscaper,
  title={Ambiscaper: A Tool for Automatic Generation and Annotation of Reverberant Ambisonics Sound Scenes},
  author={P\'erez-L\'opez, Andr\'es},
  booktitle={2018 16th International Workshop on Acoustic Signal Enhancement (IWAENC)},
  pages={1--9},
  year={2018},
  organization={IEEE}
}

@misc{coleman2015s3a,
    author = {Coleman, P. and Remaggi, L. and Jackson, P. J. B.},
    title = {S3A room impulse responses [Dataset]},
    year = {2015},
	note={Accessed on June 26th, 2020},
    howpublished={\url{http://epubs.surrey.ac.uk/808465/}}
}

@inproceedings{cannam2012sound,
  title={Sound software: Towards software reuse in audio and music research},
  author={Cannam, Chris and Figueira, Lu{\'\i}s A and Plumbley, Mark D},
  booktitle={2012 IEEE International Conference on Acoustics, Speech and Signal Processing (ICASSP)},
  pages={2745--2748},
  year={2012},
  organization={IEEE}
}
