@article{begault20003,
  title={3-D sound for virtual reality and multimedia},
  author={Begault, Durand R and Trejo, Leonard J},
  year={2000}
}

@article{murphy2017acoustic,
  title={Acoustic heritage and audio creativity: the creative application of sound in the representation, understanding and experience of past environments},
  author={Murphy, Damian and Shelley, Simon and Foteinou, Aglaia and Brereton, Jude and Daffern, Helena},
  year={2017},
  publisher={Council for British Archaeology}
}

@article{haas1972influence,
  title={The influence of a single echo on the audibility of speech},
  author={Haas, Helmut},
  journal={Journal of the Audio Engineering Society},
  volume={20},
  number={2},
  pages={146--159},
  year={1972},
  publisher={Audio Engineering Society}
}


@phdthesis{braun2018speech,
  author       = {Braun, Sebastian}, 
  title        = {Speech dereverberation in noisy environments using time-frequency domain signal models},
  school       = {Friedrich-Alexander-Universit\"at Erlangen-N\"urnberg},
  year         = 2018,
}

@inproceedings{majdak2013spatially,
  title={Spatially oriented format for acoustics: A data exchange format representing head-related transfer functions},
  author={Majdak, Piotr and Iwaya, Yukio and Carpentier, Thibaut and Nicol, Rozenn and Parmentier, Matthieu and Roginska, Agnieszka and Suzuki, Y{\^o}iti and Watanabe, Kankji and Wierstorf, Hagen and Ziegelwanger, Harald and others},
  booktitle={Audio Engineering Society Convention 134},
  year={2013},
  organization={Audio Engineering Society}
}

@article{majdak2015aes69,
  title={AES69-2015: AES standard for file exchange-Spatial acoustic data file format},
  author={Majdak, Piotr and Noisternig, Markus},
  journal={Audio Engineering Society.(March 2015)},
  year={2015}
}

@book{jarrett2017theory,
  title={Theory and applications of spherical microphone array processing},
  author={Jarrett, Daniel P and Habets, Emanu{\"e}l AP and Naylor, Patrick A},
  volume={9},
  year={2017},
  publisher={Springer}
}

@book{zotter2019ambisonics,
  title={Ambisonics},
  author={Zotter, Franz and Frank, Matthias},
  year={2019},
  publisher={Springer}
}

@inproceedings{moreau20063d,
  title={3D sound field recording with higher order ambisonics--Objective measurements and validation of a 4th order spherical microphone},
  author={Moreau, S{\'e}bastien and Daniel, J{\'e}r{\^o}me and Bertet, St{\'e}phanie},
  booktitle={120th Convention of the AES},
  pages={20--23},
  year={2006}
}

@article{rafaely2004analysis,
  title={Analysis and design of spherical microphone arrays},
  author={Rafaely, Boaz},
  journal={IEEE Transactions on speech and audio processing},
  volume={13},
  number={1},
  pages={135--143},
  year={2004},
  publisher={IEEE}
}

@article{gerzon1973periphony,
  title={Periphony: With-height sound reproduction},
  author={Gerzon, Michael A},
  journal={Journal of the audio engineering society},
  volume={21},
  number={1},
  pages={2--10},
  year={1973},
  publisher={Audio Engineering Society}
}


@phdthesis{daniel2000representation,
  author       = {Daniel, J{\'e}r{\^o}me}, 
  title        = {Repr{\'e}sentation de champs acoustiques, application {\`a} la transmission et {\`a} la reproduction de sc{\`e}nes sonores complexes dans un contexte multim{\'e}dia},
  school       = {University of Paris VI},
  year         = 2000,
}


@inproceedings{gerzon1975design,
  title={The design of precisely coincident microphone arrays for stereo and surround sound},
  author={Gerzon, Michael A},
  booktitle={Audio Engineering Society Convention 50},
  year={1975},
  organization={Audio Engineering Society}
}


@article{gerzon1985ambisonics,
  title={Ambisonics in multichannel broadcasting and video},
  author={Gerzon, Michael A},
  journal={Journal of the Audio Engineering Society},
  volume={33},
  number={11},
  pages={859--871},
  year={1985},
  publisher={Audio Engineering Society}
}

@InProceedings{carpentier2017ambisonic,
  author = 	 {Carpentier, T.},
  title =        {Ambisonic spatial blur},
  booktitle =    {142nd Audio Engineering Societiy Convention},
  organization = {AES},
  year = 	 {2017},
}

@article{malham2003higher,
  title={Higher order ambisonic systems},
  author={Malham, Dave},
  journal={Abstracted from "Space in Music-Music in Space", an Mphil thesis by Dave Malham, submitted to the University of York in April},
  year={2003}
}

@article{Pulkki07,
    author =    {Pulkki, V.},
    title =     {Spatial sound reproduction with directional audio coding},
    journal =   {Journal of the Audio Engineering Society},
    year =      {2007},
    volume =    {55},
    number=     {6},
    pages = 	{503--516},
    month = 	{Jun}
}

@article{merimaa2005spatial,
  title={Spatial impulse response rendering I: Analysis and synthesis},
  author={Merimaa, Juha and Pulkki, Ville},
  journal={Journal of the Audio Engineering Society},
  volume={53},
  number={12},
  pages={1115--1127},
  year={2005},
  publisher={Audio Engineering Society}
}

@book{pulkki2018parametric,
  title={Parametric time-frequency domain spatial audio},
  author={Pulkki, Ville and Delikaris-Manias, Symeon and Politis, Archontis},
  year={2018},
  publisher={Wiley Online Library}
}

@book{fahy1990sound,
  title={Sound intensity},
  author={Fahy, Frank J and Salmon, Vincent},
  year={1990},
  publisher={Acoustical Society of America}
}

@article{stanzial1996reactive,
  title={Reactive acoustic intensity for general fields and energy polarization},
  author={Stanzial, Domenico and Prodi, Nicola and Schiffrer, Giuliano},
  journal={The Journal of the Acoustical Society of America},
  volume={99},
  number={4},
  pages={1868--1876},
  year={1996},
  publisher={Acoustical Society of America}
}

@inproceedings{ahonen2009diffuseness,
  title={Diffuseness estimation using temporal variation of intensity vectors},
  author={Ahonen, Jukka and Pulkki, Ville},
  booktitle={2009 IEEE Workshop on Applications of Signal Processing to Audio and Acoustics},
  pages={285--288},
  year={2009},
  organization={IEEE}
}

@article{epain2016spherical,
  title={Spherical harmonic signal covariance and sound field diffuseness},
  author={Epain, Nicolas and Jin, Craig T},
  journal={IEEE/ACM Transactions on Audio, Speech, and Language Processing},
  volume={24},
  number={10},
  pages={1796--1807},
  year={2016},
  publisher={IEEE}
}

@inproceedings{rudrich2019improving,
author = {Rudrich, Daniel and Frank, Matthias},
year = {2019},
month = {04},
booktitle={DAGA 2019 Fortschritte der Akustik},
title = {Improving Externalization in Ambisonic Binaural Decoding}
organization={Audio Engineering Society}
}