@article{braun2018evaluation,
  title={Evaluation and comparison of late reverberation power spectral density estimators},
  author={Braun, Sebastian and Kuklasi{\'n}ski, Adam and Schwartz, Ofer and Thiergart, Oliver and Habets, Emanu{\"e}l AP and Gannot, Sharon and Doclo, Simon and Jensen, Jesper},
  journal={IEEE/ACM Transactions on Audio, Speech, and Language Processing},
  volume={26},
  number={6},
  pages={1056--1071},
  year={2018},
  publisher={IEEE}
}

@article{gannot2017consolidated,
  title={A consolidated perspective on multimicrophone speech enhancement and source separation},
  author={Gannot, Sharon and Vincent, Emmanuel and Markovich-Golan, Shmulik and Ozerov, Alexey},
  journal={IEEE/ACM Transactions on Audio, Speech, and Language Processing},
  volume={25},
  number={4},
  pages={692--730},
  year={2017},
  publisher={IEEE}
}

@book{kuttruff2016room,
  title={Room acoustics},
  author={Kuttruff, Heinrich},
  year={2016},
  publisher={Crc Press}
}

@book{sabine1927collected,
  title={Collected papers on acoustics},
  author={Sabine, Wallace Clement},
  year={1927},
  publisher={Harvard University Press Cambridge, MA}
}

@article{schroeder1965new,
  title={New method of measuring reverberation time},
  author={Schroeder, Manfred R},
  journal={The Journal of the Acoustical Society of America},
  volume={37},
  number={6},
  pages={1187--1188},
  year={1965},
  publisher={Acoustical Society of America}
}

@article{eaton2016estimation,
  title={Estimation of room acoustic parameters: The ACE challenge},
  author={Eaton, James and Gaubitch, Nikolay D and Moore, Alastair H and Naylor, Patrick A},
  journal={IEEE/ACM Transactions on Audio, Speech, and Language Processing},
  volume={24},
  number={10},
  pages={1681--1693},
  year={2016},
  publisher={IEEE}
}

@article{prego2012blind,
  title={A blind algorithm for reverberation-time estimation using subband decomposition of speech signals},
  author={Prego, Thiago de M and de Lima, Amaro A and Netto, Sergio L and Lee, Bowon and Said, Amir and Schafer, Ronald W and Kalker, Ton},
  journal={The Journal of the Acoustical Society of America},
  volume={131},
  number={4},
  pages={2811--2816},
  year={2012},
  publisher={Acoustical Society of America}
}

@inproceedings{gamper2018blind,
  title={Blind reverberation time estimation using a convolutional neural network},
  author={Gamper, Hannes and Tashev, Ivan J},
  booktitle={2018 16th International Workshop on Acoustic Signal Enhancement (IWAENC)},
  pages={136--140},
  year={2018},
  organization={IEEE}
}

@inproceedings{looney2020joint,
  title={Joint Estimation Of Acoustic Parameters From Single-Microphone Speech Observations},
  author={Looney, David and Gaubitch, Nikolay D},
  booktitle={ICASSP 2020-2020 IEEE International Conference on Acoustics, Speech and Signal Processing (ICASSP)},
  pages={431--435},
  year={2020},
  organization={IEEE}
}

@inproceedings{bryan2020impulse,
  title={Impulse Response Data Augmentation and Deep Neural Networks for Blind Room Acoustic Parameter Estimation},
  author={Bryan, Nicholas J},
  booktitle={ICASSP 2020-2020 IEEE International Conference on Acoustics, Speech and Signal Processing (ICASSP)},
  pages={1--5},
  year={2020},
  organization={IEEE}
}

@inproceedings{lollmann2019comparative,
  title={Comparative study for single-channel algorithms for blind reverberation time estimation},
  author={L{\"o}llmann, Heinrich W and Brendel, Andreas and Kellermann, Walter},
  booktitle={Proc. Intl. Congress on Acoustics (ICA)},
  year={2019}
}

@article{xiong2018joint,
  title={Joint Estimation of Reverberation Time and Early-To-Late Reverberation Ratio From Single-Channel Speech Signals},
  author={Xiong, Feifei and Goetze, Stefan and Kollmeier, Birger and Meyer, Bernd T},
  journal={IEEE/ACM Transactions on Audio, Speech, and Language Processing},
  volume={27},
  number={2},
  pages={255--267},
  year={2018},
  publisher={IEEE}
}

@article{chen2015estimation,
  title={Estimation of the direct-to-reverberant energy ratio using a spherical microphone array},
  author={Chen, Hanchi and Samarasinghe, Prasanga N and Abhayapala, Thushara D and Zhang, Wen},
  journal={arXiv preprint arXiv:1510.08950},
  year={2015}
}

@inproceedings{falcon2019machine,
  title={Machine-learning-based estimation of reverberation time using room geometry for room effect rendering},
  author={Falcon Perez, Ricardo and G{\"o}tz, Georg and Pulkki, Ville and others},
  booktitle={International Congress on Acoustics},
  year={2019}
}

@book{zotter2019ambisonics,
  title={Ambisonics},
  author={Zotter, Franz and Frank, Matthias},
  year={2019},
  publisher={Springer}
}

@inproceedings{jukic2015group,
  title={Group sparsity for MIMO speech dereverberation},
  author={Juki{\'c}, Ante and van Waterschoot, Toon and Gerkmann, Timo and Doclo, Simon},
  booktitle={2015 IEEE Workshop on Applications of Signal Processing to Audio and Acoustics (WASPAA)},
  pages={1--5},
  year={2015},
  organization={IEEE}
}

@article{epain2016spherical,
  title={Spherical harmonic signal covariance and sound field diffuseness},
  author={Epain, Nicolas and Jin, Craig T},
  journal={IEEE/ACM Transactions on Audio, Speech, and Language Processing},
  volume={24},
  number={10},
  pages={1796--1807},
  year={2016},
  publisher={IEEE}
}

@inproceedings{chartrand2008iteratively,
  title={Iteratively reweighted algorithms for compressive sensing},
  author={Chartrand, Rick and Yin, Wotao},
  booktitle={2008 IEEE International Conference on Acoustics, Speech and Signal Processing},
  pages={3869--3872},
  year={2008},
  organization={IEEE}
}

@inproceedings{panayotov2015librispeech,
  title={Librispeech: an asr corpus based on public domain audio books},
  author={Panayotov, Vassil and Chen, Guoguo and Povey, Daniel and Khudanpur, Sanjeev},
  booktitle={2015 IEEE International Conference on Acoustics, Speech and Signal Processing (ICASSP)},
  pages={5206--5210},
  year={2015},
  organization={IEEE}
}

@inproceedings{
  SiSEC16,
  Title = {The 2016 Signal Separation Evaluation Campaign},
  Address = {Cham},
  Author = {Liutkus, Antoine and St{\"o}ter, Fabian-Robert and Rafii, Zafar and Kitamura, Daichi and Rivet, Bertrand and Ito, Nobutaka and Ono, Nobutaka and Fontecave, Julie},
  Editor = {Tichavsk{\'y}, Petr and Babaie-Zadeh, Massoud and Michel, Olivier J.J. and Thirion-Moreau, Nad{\`e}ge},
  Pages = {323--332},
  Publisher = {Springer International Publishing},
  Year = {2017},
  booktitle = {Latent Variable Analysis and Signal Separation - 12th International Conference, {LVA/ICA} 2015, Liberec, Czech Republic, August 25-28, 2015, Proceedings},
}

@inproceedings{masp,
  title={A Python library for Multichannel Acoustic Signal Processing},
  author={P{\'e}rez-L{\'o}pez, Andr{\'e}s and Politis, Archontis},
  booktitle={AES Virtual Vienna Convention},
  year={2020},
  organization={Audio Engineering Society}
}

@article{avargel2007multiplicative,
 title={On multiplicative transfer function approximation in the short-time Fourier transform domain},
 author={Avargel, Yekutiel and Cohen, Israel},
 journal={IEEE Signal Processing Letters},
 volume={14},
 number={5},
 pages={337--340},
 year={2007},
 publisher={IEEE}
}

@article{braun2016online,
  title={Online dereverberation for dynamic scenarios using a Kalman filter with an autoregressive model},
  author={Braun, Sebastian and Habets, Emanu{\"e}l AP},
  journal={IEEE Signal Processing Letters},
  volume={23},
  number={12},
  pages={1741--1745},
  year={2016},
  publisher={IEEE}
}